
@article{alessandroMachineLearningSpaced2021,
  title = {Machine {{Learning}} for {{Spaced Repetition}} in {{Human Learning}}},
  author = {Alessandro, Bianchi and Sophie, De Becker and Emanuel, Vasquez},
  year = {2021},
  pages = {5},
  langid = {english},
  keywords = {_tablet},
}
@article{andersonIntegratedTheoryMind2004,
  title = {An {{Integrated Theory}} of the {{Mind}}.},
  author = {Anderson, John R. and Bothell, Daniel and Byrne, Michael D. and Douglass, Scott and Lebiere, Christian and Qin, Yulin},
  year = {2004},
  journal = {Psychological Review},
  volume = {111},
  number = {4},
  pages = {1036--1060},
  issn = {1939-1471, 0033-295X},
  langid = {english},
}
@incollection{androulakisDynamicProgrammingStochastic2009,
  title = {Dynamic {{Programming}}: {{Stochastic Shortest Path Problems}}},
  shorttitle = {Dynamic {{Programming}}},
  booktitle = {Encyclopedia of {{Optimization}}},
  author = {Androulakis, Ioannis P.},
  editor = {Floudas, Christodoulos A. and Pardalos, Panos M.},
  year = {2009},
  pages = {869--873},
  publisher = {{Springer US}},
  address = {{Boston, MA}},
  isbn = {978-0-387-74758-3 978-0-387-74759-0},
  langid = {english},
}
@article{bahrickRetentionSpanishVocabulary1987,
  title = {Retention of {{Spanish}} Vocabulary over 8 Years.},
  author = {Bahrick, Harry P. and Phelphs, Elizabeth},
  year = {1987},
  journal = {Journal of Experimental Psychology: Learning, Memory, and Cognition},
  volume = {13},
  number = {2},
  pages = {344--349},
  issn = {0278-7393},
  langid = {english},
}
@article{balotaExpandedRetrievalPractice,
  title = {Is {{Expanded Retrieval Practice}} a {{Superior Form}} of {{Spaced Retrieval}}? {{A Critical Review}} of the {{Extant Literature}}},
  author = {Balota, David A and Duchek, Janet M and Logan, Jessica M},
  pages = {23},
  langid = {english},
}
@article{bertsekasAnalysisStochasticShortest1991,
  title = {An {{Analysis}} of {{Stochastic Shortest Path Problems}}},
  author = {Bertsekas, Dimitri P. and Tsitsiklis, John N.},
  year = {1991},
  month = aug,
  journal = {Mathematics of Operations Research},
  volume = {16},
  number = {3},
  pages = {580--595},
  issn = {0364-765X, 1526-5471},
  langid = {english},
}
@book{bertsekasReinforcementLearningOptimal2019,
  title = {Reinforcement Learning and Optimal Control},
  author = {Bertsekas, Dimitri P.},
  year = {2019},
  edition = {2nd printing (includes editorial revisions)},
  publisher = {{Athena Scientific}},
  address = {{Belmont, Massachusetts}},
  isbn = {978-1-886529-39-7},
  langid = {english},
}
@article{bjorkNewTheoryDisuse1992,
  title = {A New Theory of Disuse and an Old Theory of Stimulus Fluctuation},
  author = {Bjork, Robert A and Bjork, Elizabeth L and others},
  year = {1992},
  journal = {From learning processes to cognitive processes: Essays in honor of William K. Estes},
  volume = {2},
  pages = {35--67},
}
@article{branwenSpacedRepetitionEfficient2009,
  title = {Spaced {{Repetition}} for {{Efficient Learning}}},
  author = {Branwen, Gwern},
  year = {2009},
  month = mar,
  copyright = {https://creativecommons.org/publicdomain/zero/1.0/},
  langid = {american},
}
@article{carpenterUsingTestsEnhance2009,
  title = {Using Tests to Enhance 8th Grade Students' Retention of {{U}}.{{S}}. History Facts},
  author = {Carpenter, Shana K. and Pashler, Harold and Cepeda, Nicholas J.},
  year = {2009},
  month = sep,
  journal = {Applied Cognitive Psychology},
  volume = {23},
  number = {6},
  pages = {760--771},
  issn = {08884080, 10990720},
  langid = {english},
}
@article{cepedaDistributedPracticeVerbal2006,
  title = {Distributed Practice in Verbal Recall Tasks: {{A}} Review and Quantitative Synthesis.},
  shorttitle = {Distributed Practice in Verbal Recall Tasks},
  author = {Cepeda, Nicholas J. and Pashler, Harold and Vul, Edward and Wixted, John T. and Rohrer, Doug},
  year = {2006},
  journal = {Psychological Bulletin},
  volume = {132},
  number = {3},
  pages = {354--380},
  issn = {1939-1455, 0033-2909},
  langid = {english},
}
@article{cepedaSpacingEffectsLearning2008,
  title = {Spacing {{Effects}} in {{Learning}}: {{A Temporal Ridgeline}} of {{Optimal Retention}}},
  shorttitle = {Spacing {{Effects}} in {{Learning}}},
  author = {Cepeda, Nicholas J. and Vul, Edward and Rohrer, Doug and Wixted, John T. and Pashler, Harold},
  year = {2008},
  month = nov,
  journal = {Psychological Science},
  volume = {19},
  number = {11},
  pages = {1095--1102},
  issn = {0956-7976, 1467-9280},
  langid = {english},
}
@article{choffinDAS3HModelingStudent2019,
  title = {{{DAS3H}}: {{Modeling Student Learning}} and {{Forgetting}} for {{Optimally Scheduling Distributed Practice}} of {{Skills}}},
  shorttitle = {{{DAS3H}}},
  author = {Choffin, Beno{\^i}t and Popineau, Fabrice and Bourda, Yolaine and Vie, Jill-J{\^e}nn},
  year = {2019},
  month = may,
  journal = {arXiv:1905.06873 [cs, stat]},
  eprint = {1905.06873},
  eprinttype = {arxiv},
  primaryclass = {cs, stat},
  archiveprefix = {arXiv},
  keywords = {_tablet,Computer Science - Artificial Intelligence,Computer Science - Computers and Society,Statistics - Applications,Statistics - Machine Learning},
}
@article{choPropertiesNeuralMachine2014,
  title = {On the {{Properties}} of {{Neural Machine Translation}}: {{Encoder-Decoder Approaches}}},
  shorttitle = {On the {{Properties}} of {{Neural Machine Translation}}},
  author = {Cho, Kyunghyun and {van Merrienboer}, Bart and Bahdanau, Dzmitry and Bengio, Yoshua},
  year = {2014},
  month = oct,
  journal = {arXiv:1409.1259 [cs, stat]},
  eprint = {1409.1259},
  eprinttype = {arxiv},
  primaryclass = {cs, stat},
  archiveprefix = {arXiv},
  keywords = {Computer Science - Computation and Language,Statistics - Machine Learning},
}
@incollection{delaneySpacingTestingEffects2010,
  title = {Spacing and {{Testing Effects}}},
  booktitle = {Psychology of {{Learning}} and {{Motivation}}},
  author = {Delaney, Peter F. and Verkoeijen, Peter P.J.L. and Spirgel, Arie},
  year = {2010},
  volume = {53},
  pages = {63--147},
  publisher = {{Elsevier}},
  isbn = {978-0-12-380906-3},
  langid = {english},
}
@article{dietterichApproximateStatisticalTests1998,
  title = {Approximate {{Statistical Tests}} for {{Comparing Supervised Classification Learning Algorithms}}},
  author = {Dietterich, Thomas G.},
  year = {1998},
  month = oct,
  journal = {Neural Computation},
  volume = {10},
  number = {7},
  pages = {1895--1923},
  issn = {0899-7667, 1530-888X},
  langid = {english},
}
@article{donovanMetaanalyticReviewDistribution1999,
  title = {A Meta-Analytic Review of the Distribution of Practice Effect: {{Now}} You See It, Now You Don't.},
  shorttitle = {A Meta-Analytic Review of the Distribution of Practice Effect},
  author = {Donovan, John J. and Radosevich, David J.},
  year = {1999},
  journal = {Journal of Applied Psychology},
  volume = {84},
  number = {5},
  pages = {795--805},
  publisher = {{American Psychological Association}},
  address = {{US}},
  issn = {1939-1854},
  keywords = {Achievement,Distributed Practice,Intertrial Interval,Massed Practice,Methodology,Performance,Retention,Task Complexity},
}
@book{ebbinghausMemoryContributionExperimental1913,
  title = {Memory: {{A}} Contribution to Experimental Psychology.},
  shorttitle = {Memory},
  author = {Ebbinghaus, Hermann},
  translator = {Ruger, Henry A. and Bussenius, Clara E.},
  year = {1913},
  publisher = {{Teachers College Press}},
  address = {{New York}},
  langid = {english}
}
@article{hochreiterLongShortTermMemory1997,
  title = {Long {{Short-Term Memory}}},
  author = {Hochreiter, Sepp and Schmidhuber, J{\"u}rgen},
  year = {1997},
  month = nov,
  journal = {Neural Computation},
  volume = {9},
  number = {8},
  pages = {1735--1780},
  issn = {0899-7667},
}
@inproceedings{hunzikerTeachingMultipleConcepts2019,
  title = {Teaching Multiple Concepts to a Forgetful Learner},
  booktitle = {Advances in Neural Information Processing Systems 32: {{Annual}} Conference on Neural Information Processing Systems 2019, {{NeurIPS}} 2019, December 8-14, 2019, Vancouver, {{BC}}, Canada},
  author = {Hunziker, Anette and Chen, Yuxin and Aodha, Oisin Mac and Rodriguez, Manuel Gomez and Krause, Andreas and Perona, Pietro and Yue, Yisong and Singla, Adish},
  editor = {Wallach, Hanna M. and Larochelle, Hugo and Beygelzimer, Alina and {d'Alch{\'e}-Buc}, Florence and Fox, Emily B. and Garnett, Roman},
  year = {2019},
  pages = {4050--4060},
  bibsource = {dblp computer science bibliography, https://dblp.org},
  biburl = {https://dblp.org/rec/conf/nips/Hunziker0AR0PYS19.bib},
  timestamp = {Thu, 14 Oct 2021 10:01:41 +0200},
}
@incollection{jonesPredictingImprovingMemory2016,
  title = {Predicting and {{Improving Memory Retention}}: {{Psychological Theory Matters}} in the {{Big Data Era}}},
  shorttitle = {Predicting and {{Improving Memory Retention}}},
  booktitle = {Big {{Data}} in {{Cognitive Science}}},
  editor = {Jones, Michael N.},
  year = {2016},
  month = nov,
  edition = {Zeroth},
  pages = {43--73},
  publisher = {{Psychology Press}},
  address = {{New York, NY : Routledge, 2016. |}},
  isbn = {978-1-315-41357-0},
  langid = {english},
  keywords = {_tablet},
}
@article{kelleyMakingLongtermMemories2013,
  title = {Making Long-Term Memories in Minutes: A Spaced Learning Pattern from Memory Research in Education},
  shorttitle = {Making Long-Term Memories in Minutes},
  author = {Kelley, Paul and Whatson, Terry},
  year = {2013},
  journal = {Frontiers in Human Neuroscience},
  volume = {7},
  issn = {1662-5161},
}
@article{khajahMaximizingStudentsRetention2014,
  title = {Maximizing {{Students}}' {{Retention}} via {{Spaced Review}}: {{Practical Guidance From Computational Models}} of {{Memory}}},
  shorttitle = {Maximizing {{Students}}' {{Retention}} via {{Spaced Review}}},
  author = {Khajah, Mohammad M. and Lindsey, Robert V. and Mozer, Michael C.},
  year = {2014},
  month = jan,
  journal = {Topics in Cognitive Science},
  volume = {6},
  number = {1},
  pages = {157--169},
  issn = {17568757},
  langid = {english},
  keywords = {_tablet},
}
@article{kramarSynapticEvidenceEfficacy2012,
  title = {Synaptic Evidence for the Efficacy of Spaced Learning},
  author = {Kram{\'a}r, Enik{\"o} A. and Babayan, Alex H. and Gavin, Cristin F. and Cox, Conor D. and Jafari, Matiar and Gall, Christine M. and Rumbaugh, Gavin and Lynch, Gary},
  year = {2012},
  month = mar,
  journal = {Proceedings of the National Academy of Sciences},
  volume = {109},
  number = {13},
  pages = {5121--5126},
  issn = {0027-8424, 1091-6490},
  langid = {english},
}
@article{landauerReinforcementConsolidation1969,
  title = {Reinforcement as Consolidation.},
  author = {Landauer, T. K.},
  year = {1969},
  journal = {Psychological Review},
  volume = {76},
  number = {1},
  pages = {82--96},
  issn = {1939-1471, 0033-295X},
  langid = {english},
}
@book{leitnerLerntManLeben1974,
  title = {{So lernt man leben}},
  author = {Leitner, Sebastian},
  year = {1974},
  edition = {1. - 10. Tsd},
  publisher = {{Droemer-Knaur}},
  address = {{M\"unchen, Z\"urich}},
  isbn = {978-3-426-04571-8},
  langid = {german},
  keywords = {_tablet},
}
@article{lindseyImprovingStudentsLongterm2014,
  title = {Improving Students' Long-Term Knowledge Retention through Personalized Review},
  author = {Lindsey, Robert V. and Shroyer, Jeffery D. and Pashler, Harold and Mozer, Michael C.},
  year = {2014},
  month = mar,
  journal = {Psychological Science},
  volume = {25},
  number = {3},
  pages = {639--647},
  issn = {1467-9280},
  langid = {english},
  pmid = {24444515},
  keywords = {_tablet,adaptive scheduling,Adolescent,Bayes Theorem,Bayesian modeling,Child,classroom education,declarative memory,Education,educational psychology,Humans,individual differences,Individuality,Knowledge,Language,long-term memory,Memory; Long-Term,Retention; Psychology,Software,spacing effect,Test Taking Skills,Time Factors},
}
@inproceedings{maassHowSpacingVariable2015,
  title = {How Spacing and Variable Retrieval Practice Affect the Learning of Statistics Concepts},
  booktitle = {Artificial Intelligence in Education},
  author = {Maass, Jaclyn K. and Pavlik, Philip I. and Hua, Henry},
  editor = {Conati, Cristina and Heffernan, Neil and Mitrovic, Antonija and Verdejo, M. Felisa},
  year = {2015},
  pages = {247--256},
  publisher = {{Springer International Publishing}},
  address = {{Cham}},
  isbn = {978-3-319-19773-9}
}
@article{maddoxRoleForgettingRate2011,
  title = {The Role of Forgetting Rate in Producing a Benefit of Expanded over Equal Spaced Retrieval in Young and Older Adults.},
  author = {Maddox, Geoffrey B. and Balota, David A. and Coane, Jennifer H. and Duchek, Janet M.},
  year = {2011},
  journal = {Psychology and Aging},
  volume = {26},
  number = {3},
  pages = {661--670},
  issn = {1939-1498, 0882-7974},
  langid = {english},
}
@article{meltonSituationRespectSpacing1970,
  title = {The Situation with Respect to the Spacing of Repetitions and Memory},
  author = {Melton, Arthur W.},
  year = {1970},
  month = oct,
  journal = {Journal of Verbal Learning and Verbal Behavior},
  volume = {9},
  number = {5},
  pages = {596--606},
  issn = {0022-5371},
  langid = {english},
}
@inproceedings{pashlerPredictingOptimalSpacing2009,
  title = {Predicting the Optimal Spacing of Study: {{A}} Multiscale Context Model of Memory},
  booktitle = {Advances in Neural Information Processing Systems},
  author = {Pashler, Harold and Cepeda, Nicholas and Lindsey, Robert V and Vul, Ed and Mozer, Michael C},
  editor = {Bengio, Y. and Schuurmans, D. and Lafferty, J. and Williams, C. and Culotta, A.},
  year = {2009},
  volume = {22},
  publisher = {{Curran Associates, Inc.}},
}
@article{pavlikUsingModelCompute2008,
  title = {Using a Model to Compute the Optimal Schedule of Practice.},
  author = {Pavlik, Philip I. and Anderson, John R.},
  year = {2008},
  month = jun,
  journal = {Journal of Experimental Psychology: Applied},
  volume = {14},
  number = {2},
  pages = {101--117},
  issn = {1939-2192, 1076-898X},
  langid = {english},
  keywords = {_tablet},
}
@article{pimsleurMemorySchedule1967,
  title = {A {{Memory Schedule}}},
  author = {Pimsleur, Paul},
  year = {1967},
  month = feb,
  journal = {The Modern Language Journal},
  volume = {51},
  number = {2},
  pages = {73--75},
  issn = {00267902},
  langid = {english},
}
@book{qiu2020nndl,
  title = {神经网络与深度学习},
  author = {{邱锡鹏}},
  year = {2020},
  publisher = {{机械工业出版社}},
  address = {{北京}},
  isbn = {978-7-111-64968-7}
}
@article{raffertyFasterTeachingPOMDP2016,
  title = {Faster {{Teaching}} via {{POMDP Planning}}},
  author = {Rafferty, Anna N. and Brunskill, Emma and Griffiths, Thomas L. and Shafto, Patrick},
  year = {2016},
  month = aug,
  journal = {Cognitive Science},
  volume = {40},
  number = {6},
  pages = {1290--1332},
  issn = {0364-0213, 1551-6709},
  langid = {english},
  keywords = {_tablet},
}
@article{reaEffectExpandedMassed1970a,
  title = {The Effect of Expanded versus Massed Practice on the Retention of Multiplication Facts and Spelling Lists},
  author = {Rea, Cornelius and Modigliani, Vito},
  year = {1970},
  month = jan,
  journal = {Human Learning: Journal of Practical Research \& Applications},
  volume = {4},
  pages = {11--18},
}
@article{reddyAcceleratingHumanLearning2017,
  title = {Accelerating {{Human Learning}} with {{Deep Reinforcement Learning}}},
  author = {Reddy, Siddharth and Levine, Sergey and Dragan, Anca},
  year = {2017},
  journal = {University of California, Berkeley},
  pages = {9},
  langid = {english},
  keywords = {_tablet},
}
@inproceedings{reddyUnboundedHumanLearning2016,
  title = {Unbounded Human Learning: {{Optimal}} Scheduling for Spaced Repetition},
  booktitle = {Proceedings of the 22nd {{ACM SIGKDD}} International Conference on Knowledge Discovery and Data Mining},
  author = {Reddy, Siddharth and Labutov, Igor and Banerjee, Siddhartha and Joachims, Thorsten},
  year = {2016},
  series = {{{KDD}} '16},
  pages = {1815--1824},
  publisher = {{Association for Computing Machinery}},
  address = {{New York, NY, USA}},
  isbn = {978-1-4503-4232-2},
  keywords = {_tablet,human memory,queueing models,spaced repetition},
}
@book{reisbergCognitionExploringScience2019,
  title = {Cognition: Exploring the Science of the Mind},
  shorttitle = {Cognition},
  author = {Reisberg, Daniel},
  year = {2019},
  edition = {Seventh Edition},
  publisher = {{W. W. Norton \& Company}},
  address = {{New York}},
  isbn = {978-0-393-66501-7 978-0-393-62413-7},
  lccn = {BF201 .R45 2019},
  keywords = {Cognitive psychology},
}
@article{roedigerCriticalRoleRetrieval2011,
  title = {The Critical Role of Retrieval Practice in Long-Term Retention},
  author = {Roediger, Henry L. and Butler, Andrew C.},
  year = {2011},
  month = jan,
  journal = {Trends in Cognitive Sciences},
  volume = {15},
  number = {1},
  pages = {20--27},
  issn = {1364-6613},
  langid = {english},
  keywords = {_tablet},
}
@inproceedings{settlesTrainableSpacedRepetition2016,
  title = {A {{Trainable Spaced Repetition Model}} for {{Language Learning}}},
  booktitle = {Proceedings of the 54th {{Annual Meeting}} of the {{Association}} for {{Computational Linguistics}} ({{Volume}} 1: {{Long Papers}})},
  author = {Settles, Burr and Meeder, Brendan},
  year = {2016},
  month = aug,
  pages = {1848--1858},
  publisher = {{Association for Computational Linguistics}},
  address = {{Berlin, Germany}},
}
@phdthesis{sinhaUsingDeepReinforcement2019,
  title = {Using Deep Reinforcement Learning for Personalizing Review Sessions on E-Learning Platforms with Spaced Repetition},
  author = {Sinha, Sugandh},
  year = {2019},
  series = {{{TRITA-EECS-EX}}},
  number = {2019:217},
  pages = {82},
  school = {KTH, School of Electrical Engineering and Computer Science (EECS) / KTH, School of Electrical Engineering and Computer Science (EECS)},
  keywords = {_tablet},
}
@article{smithAssoziationsfestigkeitIhrerAbh1897,
  title = {Die {{Assoziationsfestigkeit}} in Ihrer {{Abh}}?Ngigkeit von Der {{Verteilung}} Der {{Wiederholungen}}.},
  shorttitle = {Die {{Assoziationsfestigkeit}} in Ihrer {{Abh}}?},
  author = {Smith, W. G.},
  year = {1897},
  journal = {Psychological Review},
  volume = {4},
  number = {6},
  pages = {682--684},
  issn = {0033-295X},
  langid = {english}
}
@article{smolenRightTimeLearn2016,
  title = {The Right Time to Learn: Mechanisms and Optimization of Spaced Learning},
  shorttitle = {The Right Time to Learn},
  author = {Smolen, Paul and Zhang, Yili and Byrne, John H.},
  year = {2016},
  month = feb,
  journal = {Nature reviews. Neuroscience},
  volume = {17},
  number = {2},
  pages = {77--88},
  issn = {1471-003X},
  pmcid = {PMC5126970},
  pmid = {26806627},
  keywords = {_tablet},
}
@article{tabibianEnhancingHumanLearning2019,
  title = {Enhancing Human Learning via Spaced Repetition Optimization},
  author = {Tabibian, Behzad and Upadhyay, Utkarsh and De, Abir and Zarezade, Ali and Sch{\"o}lkopf, Bernhard and {Gomez-Rodriguez}, Manuel},
  year = {2019},
  month = mar,
  journal = {Proceedings of the National Academy of Sciences},
  volume = {116},
  number = {10},
  pages = {3988--3993},
  publisher = {{National Academy of Sciences}},
  issn = {0027-8424, 1091-6490},
  chapter = {Physical Sciences},
  copyright = {Copyright \textcopyright{} 2019 the Author(s). Published by PNAS.. http://creativecommons.org/licenses/by/4.0/This open access article is distributed under Creative Commons Attribution License 4.0 (CC BY).},
  langid = {english},
  pmid = {30670661},
  keywords = {_tablet,human learning,marked temporal point processes,memorization,spaced repetition,stochastic optimal control},
}
@article{tjImpactOnlineEducation2012,
  title = {Impact of Online Education on Intern Behaviour around {{Joint Commission National Patient Safety Goals}}: {{A}} Randomised Trial},
  shorttitle = {Impact of Online Education on Intern Behaviour around {{Joint Commission National Patient Safety Goals}}},
  author = {TJ, Shaw and LIM, Pernar and SE, Peyre and JF, Helfrick and K, Vogelgesang and E, Graydon-Baker and Y, Chretien and EJ, Brown and J, Nicholson and JJ, Heit and JP, Co and TK, Gandhi},
  year = {2012},
  month = oct,
  journal = {BMJ quality \& safety},
  volume = {21},
  number = {10},
  pages = {819--825},
  issn = {2044-5415},
  pmcid = {PMC4068823},
  pmid = {22706930},
}
@inproceedings{upadhyayDeepReinforcementLearning2018,
  title = {Deep {{Reinforcement Learning}} of {{Marked Temporal Point Processes}}},
  booktitle = {Advances in {{Neural Information Processing Systems}}},
  author = {Upadhyay, Utkarsh and De, Abir and Gomez Rodriguez, Manuel},
  year = {2018},
  volume = {31},
  publisher = {{Curran Associates, Inc.}},
  keywords = {_tablet},
}
@article{wixtedGenuinePowerCurves1997,
  title = {Genuine Power Curves in Forgetting: {{A}} Quantitative Analysis of Individual Subject Forgetting Functions},
  shorttitle = {Genuine Power Curves in Forgetting},
  author = {Wixted, John T. and Ebbesen, Ebbe B.},
  year = {1997},
  month = sep,
  journal = {Memory \& Cognition},
  volume = {25},
  number = {5},
  pages = {731--739},
  issn = {1532-5946},
  langid = {english},
}
@article{wixtedWickelgrenPowerLaw2007,
  title = {The {{Wickelgren Power Law}} and the {{Ebbinghaus Savings Function}}},
  author = {Wixted, John T. and Carpenter, Shana K.},
  year = {2007},
  month = feb,
  journal = {Psychological Science},
  volume = {18},
  number = {2},
  pages = {133--134},
  issn = {0956-7976, 1467-9280},
  langid = {english},
}
@article{woiniakOptimizationRepetitionSpacing1994,
  title = {Optimization of Repetition Spacing in the Practice of Learning},
  author = {Woiniak, Piotr A and Gorzelanczyk, Edward J},
  year = {1994},
  pages = {4},
  langid = {english},
}
@article{wolfWantRememberEverything2008,
  title = {Want to {{Remember Everything You}}'ll {{Ever Learn}}? {{Surrender}} to {{This Algorithm}}},
  shorttitle = {Want to {{Remember Everything You}}'ll {{Ever Learn}}?},
  author = {Wolf, Gary},
  year = {2008},
  journal = {Wired},
  issn = {1059-1028},
  chapter = {tags},
  langid = {american},
  keywords = {health,magazine-16.05},
}
@misc{wozniakOptimizationLearning1990,
  title = {Optimization of {{Learning}}},
  author = {Wozniak, Piotr A.},
  year = {1990},
  howpublished = {http://super-memory.com/english/ol.htm},
}
@inproceedings{yanceySleepingRecoveringBandit2020,
  title = {A {{Sleeping}}, {{Recovering Bandit Algorithm}} for {{Optimizing Recurring Notifications}}},
  booktitle = {Proceedings of the 26th {{ACM SIGKDD International Conference}} on {{Knowledge Discovery}} \& {{Data Mining}}},
  author = {Yancey, Kevin P. and Settles, Burr},
  year = {2020},
  month = aug,
  pages = {3008--3016},
  publisher = {{ACM}},
  address = {{Virtual Event CA USA}},
  isbn = {978-1-4503-7998-4},
  langid = {english},
}
@inproceedings{yangTADSLearningTimeaware2020,
  title = {{{TADS}}: {{Learning}} Time-Aware Scheduling Policy with Dyna-Style Planning for Spaced Repetition},
  booktitle = {Proceedings of the 43rd International {{ACM SIGIR}} Conference on Research and Development in Information Retrieval},
  author = {Yang, Zhengyu and Shen, Jian and Liu, Yunfei and Yang, Yang and Zhang, Weinan and Yu, Yong},
  year = {2020},
  series = {{{SIGIR}} '20},
  pages = {1917--1920},
  publisher = {{Association for Computing Machinery}},
  address = {{New York, NY, USA}},
  isbn = {978-1-4503-8016-4},
  keywords = {human memory,reinforcement learning,spaced repetition},
}
@inproceedings{yeckehzaareSpacedInterleavedRetrieval2019,
  title = {A {{Spaced}}, {{Interleaved Retrieval Practice Tool}} That Is {{Motivating}} and {{Effective}}},
  booktitle = {Proceedings of the 2019 {{ACM Conference}} on {{International Computing Education Research}}},
  author = {YeckehZaare, Iman and Resnick, Paul and Ericson, Barbara},
  year = {2019},
  month = jul,
  pages = {71--79},
  publisher = {{ACM}},
  address = {{Toronto ON Canada}},
  isbn = {978-1-4503-6185-9},
  langid = {english},
}
@inproceedings{zaidiAdaptiveForgettingCurves2020,
  title = {Adaptive {{Forgetting Curves}} for {{Spaced Repetition Language Learning}}},
  booktitle = {Artificial {{Intelligence}} in {{Education}}},
  author = {Zaidi, Ahmed and Caines, Andrew and Moore, Russell and Buttery, Paula and Rice, Andrew},
  editor = {Bittencourt, Ig Ibert and Cukurova, Mutlu and Muldner, Kasia and Luckin, Rose and Mill{\'a}n, Eva},
  year = {2020},
  series = {Lecture {{Notes}} in {{Computer Science}}},
  pages = {358--363},
  publisher = {{Springer International Publishing}},
  address = {{Cham}},
  isbn = {978-3-030-52240-7},
  langid = {english},
  keywords = {_tablet,Adaptive learning,Forgetting curve,Language learning,Neural networks,Spaced repetition},
}
@inproceedings{zhaoMaximizingCumulativeUser2020,
  title = {Maximizing {{Cumulative User Engagement}} in {{Sequential Recommendation}}: {{An Online Optimization Perspective}}},
  shorttitle = {Maximizing {{Cumulative User Engagement}} in {{Sequential Recommendation}}},
  booktitle = {Proceedings of the 26th {{ACM SIGKDD International Conference}} on {{Knowledge Discovery}} \& {{Data Mining}}},
  author = {Zhao, Yifei and Zhou, Yu-Hang and Ou, Mingdong and Xu, Huan and Li, Nan},
  year = {2020},
  month = aug,
  pages = {2784--2792},
  publisher = {{ACM}},
  address = {{Virtual Event CA USA}},
  isbn = {978-1-4503-7998-4},
  langid = {english},
}
